@article{milne2002bank,
  title={Bank capital regulation and incentives for risk-taking (SSRN ccholarly paper No. ID 299319). Rochester, NY: Social Science Research Network},
  author={Milne, A and Whalley, A},
  year={2002}
}
@incollection{folly2021competition,
  title={Competition and restructuring of the South African electricity market},
  author={Folly, Komla Agbenyo},
  booktitle={Local Electricity Markets},
  pages={355--366},
  year={2021},
  publisher={Elsevier}
}
@article{ateba2019strategic,
  title={Strategic management for electricity supply sustainability in South Africa},
  author={Ateba, Benedict Belobo and Prinsloo, Johannes Jurgens},
  journal={Utilities Policy},
  volume={56},
  pages={92--103},
  year={2019},
  publisher={Elsevier}
}
@article{nowak2006post,
  title={Post-apartheid South Africa: The first ten years},
  author={Nowak, Mr M and Ricci, Mr Luca Antonio},
  year={2006},
  publisher={International Monetary Fund}
}
@article{nowak2005first,
  title={The first ten years after apartheid: an overview of the South African economy},
  author={Nowak, Michael},
  journal={Post-Apartheid South Africa: The First Ten Years. Washington, DC: International Monetary Fund},
  pages={1--10},
  year={2005}
}
@article{francis2012capital,
  title={Capital requirements and bank behavior in the UK: Are there lessons for international capital standards?},
  author={Francis, William B and Osborne, Matthew},
  journal={Journal of Banking \& Finance},
  volume={36},
  number={3},
  pages={803--816},
  year={2012},
  publisher={Elsevier}
}
@book{hellwig2014bankers,
  title={The Bankers' New Clothes: What's Wrong with Banking and What to Do about It-Updated Edition},
  author={Hellwig, Martin and Admati, Anat},
  year={2014},
  publisher={Princeton University Press}
}
@article{brealey2006basel,
  title={Basel II: The Route Ahead or Cul-de-Sac?},
  author={Brealey, Richard},
  journal={Journal of Applied Corporate Finance},
  volume={18},
  number={4},
  pages={34--43},
  year={2006},
  publisher={Wiley Online Library}
}
@article{jimenez2017macroprudential,
  title={Macroprudential policy, countercyclical bank capital buffers, and credit supply: Evidence from the Spanish dynamic provisioning experiments},
  author={Jim{\'e}nez, Gabriel and Ongena, Steven and Peydr{\'o}, Jos{\'e}-Luis and Saurina, Jes{\'u}s},
  journal={Journal of Political Economy},
  volume={125},
  number={6},
  pages={2126--2177},
  year={2017},
  publisher={University of Chicago Press Chicago, IL}
}
@article{aiyar2014international,
  title={The international transmission of bank capital requirements: Evidence from the UK},
  author={Aiyar, Shekhar and Calomiris, Charles W and Hooley, John and Korniyenko, Yevgeniya and Wieladek, Tomasz},
  journal={Journal of Financial Economics},
  volume={113},
  number={3},
  pages={368--382},
  year={2014},
  publisher={Elsevier}
}
@article{gambacorta2004does,
  title={Does bank capital affect lending behavior?},
  author={Gambacorta, Leonardo and Mistrulli, Paolo Emilio},
  journal={Journal of Financial intermediation},
  volume={13},
  number={4},
  pages={436--457},
  year={2004},
  publisher={Elsevier}
}
@article{van2008welfare,
  title={The welfare cost of bank capital requirements},
  author={Van den Heuvel, Skander J},
  journal={Journal of Monetary Economics},
  volume={55},
  number={2},
  pages={298--320},
  year={2008},
  publisher={Elsevier}
}
@article{nier2005bank,
  title={Bank weakness and bank loan supply},
  author={Nier, Erlend and Zicchino, Lea},
  journal={Bank of England Financial Stability Review (December)},
  pages={85--93},
  year={2005}
}
@article{berger1994lines,
  title={Lines of credit and relationship lending in small firm finance},
  author={Berger, Allen N and Udell, Gregory F},
  journal={Jerome Levy Economics Institute Working Paper},
  number={113},
  year={1994}
}
@article{hancock1994bank,
  title={Bank capital and the credit crunch: The roles of risk-weighted and unweighted capital regulations},
  author={Hancock, Diana and Wilcox, James A},
  journal={Real Estate Economics},
  volume={22},
  number={1},
  pages={59--94},
  year={1994},
  publisher={Wiley Online Library}
}
@misc{calomiris1998bank,
  title={Bank Capital and portfolio management: The 1930's capital crunch and scramble to shed risk},
  author={Calomiris, Charles W and Wilson, Berry K},
  year={1998},
  publisher={National Bureau of Economic Research Cambridge, Mass., USA}
}
@article{calomiris2003fundamentals,
  title={Fundamentals, panics, and bank distress during the depression},
  author={Calomiris, Charles W and Mason, Joseph R},
  journal={American Economic Review},
  volume={93},
  number={5},
  pages={1615--1647},
  year={2003}
}
@article{houston1997capital,
  title={Capital market frictions and the role of internal capital markets in banking},
  author={Houston, Joel and James, Christopher and Marcus, David},
  journal={Journal of financial Economics},
  volume={46},
  number={2},
  pages={135--164},
  year={1997},
  publisher={Elsevier}
}
@article{peek1997international,
  title={The international transmission of financial shocks: The case of Japan},
  author={Peek, Joe and Rosengren, Eric S},
  journal={The American Economic Review},
  pages={495--505},
  year={1997},
  publisher={JSTOR}
}
@article{calomiris1991role,
  title={The role of demandable debt in structuring optimal banking arrangements},
  author={Calomiris, Charles W and Kahn, Charles M},
  journal={The American Economic Review},
  pages={497--513},
  year={1991},
  publisher={JSTOR}
}
@article{modigliani58,
  title={The Cost of Capital, Corporate Finance and the Theory of Investment},
  author={Modigliani, F. and Miller, M. H},
  journal={American Economic Review},
  volume={48},
  pages={261 -- 97},
  year={1958},
}
@article{osborne2017good,
  title={In good times and in bad: Bank capital ratios and lending rates},
  author={Osborne, Matthew and Fuertes, Ana-Maria and Milne, Alistair},
  journal={International Review of Financial Analysis},
  volume={51},
  pages={102--112},
  year={2017},
  publisher={Elsevier}
}
@article{jokipii2008cyclical,
  title={The cyclical behaviour of European bank capital buffers},
  author={Jokipii, Terhi and Milne, Alistair},
  journal={Journal of banking \& finance},
  volume={32},
  number={8},
  pages={1440--1451},
  year={2008},
  publisher={Elsevier}
}
@article{schwert2018bank,
  title={Bank capital and lending relationships},
  author={Schwert, Michael},
  journal={The Journal of Finance},
  volume={73},
  number={2},
  pages={787--830},
  year={2018},
  publisher={Wiley Online Library}
}
@article{kim2017effect,
  title={The effect of bank capital on lending: Does liquidity matter?},
  author={Kim, Dohan and Sohn, Wook},
  journal={Journal of Banking \& Finance},
  volume={77},
  pages={95--107},
  year={2017},
  publisher={Elsevier}
}
@article{carlson2013capital,
  title={Capital ratios and bank lending: A matched bank approach},
  author={Carlson, Mark and Shan, Hui and Warusawitharana, Missaka},
  journal={Journal of Financial Intermediation},
  volume={22},
  number={4},
  pages={663--687},
  year={2013},
  publisher={Elsevier}
}
@inproceedings{tabak2011bank,
  title={Bank capital buffers, lending growth and economic cycle: empirical evidence for Brazil},
  author={Tabak, Benjamin M and Noronha, Ana C and Cajueiro, Daniel},
  booktitle={2nd BIS CCA Conference on â€œMonetary policy, financial stability and the business cycle},
  pages={12--13},
  year={2011},
  organization={Citeseer}
}
@article{altunbas2004bank,
  title={Bank capital, bank lending, and monetary policy in the euro area},
  author={Altunbas, Yener and De Bondt, Gabe and Marques-Ibanez, David},
  journal={Kredit und Kapital},
  year={2004}
}
@article{gambacorta2018bank,
  title={Why bank capital matters for monetary policy},
  author={Gambacorta, Leonardo and Shin, Hyun Song},
  journal={Journal of Financial Intermediation},
  volume={35},
  pages={17--29},
  year={2018},
  publisher={Elsevier}
}
@article{berrospide2010effects,
  title={The effects of bank capital on lending: What do we know, and what does it mean?},
  author={Berrospide, Jose M and Edge, Rochelle M},
  year={2010},
  publisher={CAMA Working Paper Series 26/2010}
}
@article{fang2020bank,
  title={Bank capital requirements and lending in emerging markets: The role of bank characteristics and economic conditions},
  author={Fang, Xiang and Jutrsa, David and Peria, Soledad Martinez and Presbitero, Andrea F and Ratnovski, Lev},
  journal={Journal of Banking \& Finance},
  pages={105806},
  year={2020},
  publisher={Elsevier}
}
@article{aiyar2016does,
  title={How does credit supply respond to monetary policy and bank minimum capital requirements?},
  author={Aiyar, Shekhar and Calomiris, Charles W and Wieladek, Tomasz},
  journal={European Economic Review},
  volume={82},
  pages={142--165},
  year={2016},
  publisher={Elsevier}
}